<record><leader>00000cas a22000007a 4500</leader><controlfield tag="001">9709678</controlfield><controlfield tag="008">830716d19021904ohudn ne      0    0eng d</controlfield><controlfield tag="009">3783</controlfield><datafield ind1=" " ind2=" " tag="010"><subfield code="a">sn 83035360 </subfield></datafield><datafield ind1=" " ind2=" " tag="040"><subfield code="a">NPY</subfield><subfield code="b">eng</subfield><subfield code="c">NPY</subfield><subfield code="d">ONP</subfield><subfield code="d">OCLCQ</subfield></datafield><datafield ind1=" " ind2=" " tag="042"><subfield code="a">msc</subfield></datafield><datafield ind1="0" ind2="4" tag="245"><subfield code="a">The Hamilton evening sun.</subfield></datafield><datafield ind1=" " ind2=" " tag="260"><subfield code="a">Hamilton, Ohio :</subfield><subfield code="b">Sun Pub. Co.,</subfield><subfield code="c">1902-1904.</subfield></datafield><datafield ind1=" " ind2=" " tag="300"><subfield code="a">v.</subfield></datafield><datafield ind1=" " ind2=" " tag="310"><subfield code="a">Daily (except Sun.)</subfield></datafield><datafield ind1="0" ind2=" " tag="362"><subfield code="a">Vol. 1, no. 1 (June 18, 1902)-v. 3, no. 288 (Dec. 7, 1904).</subfield></datafield><datafield ind1=" " ind2=" " tag="500"><subfield code="a">Publisher named in Rowell, 1904.</subfield></datafield><datafield ind1=" " ind2=" " tag="500"><subfield code="a">"A Democratic newspaper", "Official organ of the Democratic party of ... Butler County ... and the City of Hamilton."</subfield></datafield><datafield ind1=" " ind2=" " tag="752"><subfield code="a">United States</subfield><subfield code="b">Ohio</subfield><subfield code="c">Butler</subfield><subfield code="d">Hamilton.</subfield></datafield><datafield ind1="0" ind2=" " tag="775"><subfield code="t">Hamilton weekly sun</subfield><subfield code="w">(DLC)sn 83035361</subfield></datafield><datafield ind1="0" ind2="0" tag="785"><subfield code="t">Hamilton sun (Hamilton, Ohio : 1904)</subfield><subfield code="w">(DLC)sn 91069999</subfield></datafield></record>